@misc{fowler-microservices,
  author = {Fowler, Martin},
  title = {Microservices},
  year = {2014},
  note = {Last accessed 4 January 2023},
  howpublished = {\url{https://martinfowler.com/articles/microservices.html}}
}
@misc{fowler-microservices-tradeoffs,
  author = {Fowler, Martin},
  title = {Microservice Trade-Offs},
  year = {2015},
  note = {Last accessed 4 January 2023},
  howpublished = {\url{https://martinfowler.com/articles/microservice-trade-offs.html}}
}
@misc{fowler-microservices-prerequisites,
  author = {Fowler, Martin},
  title = {Microservice Prerequisites},
  year = {2014},
  note = {Last accessed 4 January 2023},
  howpublished = {\url{https://martinfowler.com/bliki/MicroservicePrerequisites.html}}
}
@misc{fowler-monolith-first,
  author = {Fowler, Martin},
  title = {Monolith First},
  year = {2015},
  note = {Last accessed 4 January 2023},
  howpublished = {\url{https://martinfowler.com/bliki/MonolithFirst.html}}
}
@misc{microservices-users,
  author = {Richardson, Chris},
  title = {Who is Using Microservices},
  note = {Last accessed 4 January 2023},
  howpublished = {\url{https://microservices.io/articles/whoisusingmicroservices.html}}
}
@misc{richardson-microservices,
  author = {Richardson, Chris},
  title = {Microservice Architecture},
  note = {Last accessed 4 January 2023},
  howpublished = {\url{https://microservices.io/patterns/microservices.html}}
}
@misc{desktop-usage-worldwide,
  title = {Desktop Operating System Market Share Worldwide},
  note = {Last accessed 7 January 2023},
  howpublished = {\url{https://gs.statcounter.com/os-market-share/desktop/worldwide/}}
}
@misc{ryan-dahl-nodejs,
  author = {Dahl, Ryan},
  title = {Original Node.js presentation},
  year = {2009},
  note = {Last accessed 15 June 2023},
  howpublished = {\url{https://youtu.be/ztspvPYybIY}}
}
@misc{javascript-event-loop,
  author = {Mozilla Foundation},
  title = {The event loop},
  note = {Last accessed 15 June 2023},
  howpublished = {\url{https://developer.mozilla.org/en-US/docs/Web/JavaScript/Event_loop}}
}
@misc{nodejs-event-loop,
  author = {OpenJS Foundation},
  title = {The event loop},
  note = {Last accessed 15 June 2023},
  howpublished = {\url{https://nodejs.org/en/docs/guides/event-loop-timers-and-nexttick#what-is-the-event-loop}}
}
@misc{typescript-announcement,
  author = {Turner, Jonathan},
  title = {Announcing TypeScript 1.0},
  year = {2014},
  note = {Last accessed 15 June 2023},
  howpublished = {\url{https://devblogs.microsoft.com/typescript/announcing-typescript-1-0/}}
}
@misc{typescript-explanation,
  author = {Microsoft},
  title = {TypeScript for the New Programmer},
  note = {Last accessed 15 June 2023},
  howpublished = {\url{https://www.typescriptlang.org/docs/handbook/typescript-from-scratch.html}}
}
@misc{nestjs,
  author = {Mysliwiec, Kamil},
  title = {NestJS Documentation},
  note = {Last accessed 15 June 2023},
  howpublished = {\url{https://docs.nestjs.com/}}
}
@misc{redis-meaning,
  author = {Redis},
  title = {Where does the name "Redis" come from?},
  note = {Last accessed 15 June 2023},
  howpublished = {\url{https://redis.io/docs/getting-started/faq/#where-does-the-name-redis-come-from}}
}
@misc{redis-data-types,
  author = {Redis},
  title = {Redis data types},
  note = {Last accessed 15 June 2023},
  howpublished = {\url{https://redis.io/docs/data-types/}}
}
@misc{redis-popular,
  author = {Krieger, Mike},
  title = {Storing hundreds of millions of simple key-value pairs in Redis},
  note = {Last accessed 26 June 2023},
  howpublished = {\url{https://instagram-engineering.com/storing-hundreds-of-millions-of-simple-key-value-pairs-in-redis-1091ae80f74c}}
}
@misc{redis-creator,
  author = {VentureBeat},
  title = {A conversation with Salvatore Sanfilippo, creator of the open-source database Redis},
  note = {Last accessed 26 June 2023},
  howpublished = {\url{https://venturebeat.com/dev/redis-creator/}}
}
@misc{redis-usage,
  author = {Redis},
  title = {Using Redis},
  note = {Last accessed 15 June 2023},
  howpublished = {\url{https://redis.io/docs/manual/}}
}
@misc{astro,
  author = {Astro},
  title = {Why Astro?},
  note = {Last accessed 15 June 2023},
  howpublished = {\url{https://docs.astro.build/en/concepts/why-astro/}}
}
@misc{docker-runtime,
  author = {Docker},
  title = {The Industry-Leading Container Runtime},
  note = {Last accessed 15 June 2023},
  howpublished = {\url{https://www.docker.com/products/container-runtime/}}
}
@misc{docker-container-vm,
  author = {Docker},
  title = {What is a Container?},
  note = {Last accessed 15 June 2023},
  howpublished = {\url{https://www.docker.com/resources/what-container/}}
}
@misc{fowler-richardson-maturity-model,
  author = {Fowler, Martin},
  title = {Richardson Maturity Model},
  note = {Last accessed 15 June 2023},
  howpublished = {\url{https://martinfowler.com/articles/richardsonMaturityModel.html}}
}
@misc{react-ui,
  author = {Meta},
  title = {Describing the UI},
  note = {Last accessed 26 June 2023},
  howpublished = {\url{https://react.dev/learn/describing-the-ui}}
}
@misc{solid,
  author = {Carniato, Ryan},
  title = {Introducing the SolidJS UI Library},
  note = {Last accessed 26 June 2023},
  howpublished = {\url{https://dev.to/ryansolid/introducing-the-solidjs-ui-library-4mck}}
}
