@article{kitchenham2007guidelines,
  title={Guidelines for performing systematic literature reviews in software engineering},
  author={Kitchenham, Barbara and Charters, Stuart},
  year={2007},
  publisher={Citeseer}
}
@article{kitchenham2009systematic,
  title={Systematic literature reviews in software engineering--a systematic literature review},
  author={Kitchenham, Barbara and Brereton, O Pearl and Budgen, David and Turner, Mark and Bailey, John and Linkman, Stephen},
  journal={Information and software technology},
  volume={51},
  number={1},
  pages={7--15},
  year={2009},
  publisher={Elsevier}
}
@book{gough2017introduction,
  title={An introduction to systematic reviews},
  author={Gough, David and Oliver, Sandy and Thomas, James},
  year={2017},
  publisher={Sage}
}
@book{newman2021building,
  title={Building microservices},
  author={Newman, Sam},
  year={2021},
  publisher={" O'Reilly Media, Inc."}
}
@book{newman2019monolith,
  title={Monolith to microservices: evolutionary patterns to transform your monolith},
  author={Newman, Sam},
  year={2019},
  publisher={O'Reilly Media}
}
@inproceedings{chen2018microservices,
  title={Microservices: architecting for continuous delivery and DevOps},
  author={Chen, Lianping},
  booktitle={2018 IEEE International conference on software architecture (ICSA)},
  pages={39--397},
  year={2018},
  organization={IEEE}
}
@book{nadareishvili2016microservice,
  title={Microservice architecture: aligning principles, practices, and culture},
  author={Nadareishvili, Irakli and Mitra, Ronnie and McLarty, Matt and Amundsen, Mike},
  year={2016},
  publisher={" O'Reilly Media, Inc."}
}
@misc{fowler-microservices,
  author = {Fowler, Martin},
  title = {Microservices},
  year = {2014},
  note = {Last accessed 4 January 2023},
  url = {https://martinfowler.com/articles/microservices.html}
}
@misc{fowler-microservices-tradeoffs,
  author = {Fowler, Martin},
  title = {Microservice Trade-Offs},
  year = {2015},
  note = {Last accessed 4 January 2023},
  url = {https://martinfowler.com/articles/microservice-trade-offs.html}
}
@misc{fowler-microservices-prerequisites,
  author = {Fowler, Martin},
  title = {Microservice Prerequisites},
  year = {2014},
  note = {Last accessed 4 January 2023},
  url = {https://martinfowler.com/bliki/MicroservicePrerequisites.html}
}
@misc{fowler-monolith-first,
  author = {Fowler, Martin},
  title = {Monolith First},
  year = {2015},
  note = {Last accessed 4 January 2023},
  url = {https://martinfowler.com/bliki/MonolithFirst.html}
}
@book{becker1999refactoring,
  title={Refactoring: improving the design of existing code},
  author={Becker, Paul and Fowler, Martin and Beck, Kent and Brant, John and Opdyke, William and Roberts, Don},
  year={1999},
  publisher={Addison-Wesley Professional}
}
@article{pautasso2017microservices,
  title={Microservices in practice, part 2: Service integration and sustainability},
  author={Pautasso, Cesare and Zimmermann, Olaf and Amundsen, Mike and Lewis, James and Josuttis, Nicolai},
  journal={IEEE Software},
  volume={34},
  number={02},
  pages={97--104},
  year={2017},
  publisher={IEEE Computer Society}
}
@inproceedings{ren2018migrating,
  title={Migrating web applications from monolithic structure to microservices architecture},
  author={Ren, Zhongshan and Wang, Wei and Wu, Guoquan and Gao, Chushu and Chen, Wei and Wei, Jun and Huang, Tao},
  booktitle={Proceedings of the tenth asia-pacific symposium on internetware},
  pages={1--10},
  year={2018}
}
@misc{microservices-users,
  author = {Richardson, Chris},
  title = {Who is Using Microservices},
  note = {Last accessed 4 January 2023},
  url = {https://microservices.io/articles/whoisusingmicroservices.html}
}
@misc{richardson-microservices,
  author = {Richardson, Chris},
  title = {Microservice Architecture},
  note = {Last accessed 4 January 2023},
  url = {https://microservices.io/patterns/microservices.html}
}
@inproceedings{kazanavivcius2019migrating,
  title={Migrating legacy software to microservices architecture},
  author={Kazanavi{\v{c}}ius, Justas and Ma{\v{z}}eika, Dalius},
  booktitle={2019 Open Conference of Electrical, Electronic and Information Sciences (eStream)},
  pages={1--5},
  year={2019},
  organization={IEEE}
}
@article{taibi2017processes,
  title={Processes, motivations, and issues for migrating to microservices architectures: An empirical investigation},
  author={Taibi, Davide and Lenarduzzi, Valentina and Pahl, Claus},
  journal={IEEE Cloud Computing},
  volume={4},
  number={5},
  pages={22--32},
  year={2017},
  publisher={IEEE}
}
@inproceedings{ponce2019migrating,
  title={Migrating from monolithic architecture to microservices: A Rapid Review},
  author={Ponce, Francisco and M{\'a}rquez, Gast{\'o}n and Astudillo, Hern{\'a}n},
  booktitle={2019 38th International Conference of the Chilean Computer Science Society (SCCC)},
  pages={1--7},
  year={2019},
  organization={IEEE}
}
@inproceedings{brito2021identification,
  title={Identification of microservices from monolithic applications through topic modelling},
  author={Brito, Miguel and Cunha, J{\'a}come and Saraiva, Jo{\~a}o},
  booktitle={Proceedings of the 36th Annual ACM Symposium on Applied Computing},
  pages={1409--1418},
  year={2021}
}
@misc{desktop-usage-worldwide,
  title = {Desktop Operating System Market Share Worldwide},
  note = {Last accessed 7 January 2023},
  url = {https://gs.statcounter.com/os-market-share/desktop/worldwide/}
}
@article{frey2007clustering,
  title={Clustering by passing messages between data points},
  author={Frey, Brendan J and Dueck, Delbert},
  journal={science},
  volume={315},
  number={5814},
  pages={972--976},
  year={2007},
  publisher={American Association for the Advancement of Science}
}
@article{rousseeuw1987silhouettes,
  title={Silhouettes: a graphical aid to the interpretation and validation of cluster analysis},
  author={Rousseeuw, Peter J},
  journal={Journal of computational and applied mathematics},
  volume={20},
  pages={53--65},
  year={1987},
  publisher={Elsevier}
}
@book{gamma1995design,
  title={Design patterns: elements of reusable object-oriented software},
  author={Gamma, Erich and Johnson, Ralph and Helm, Richard and Johnson, Ralph E and Vlissides, John},
  year={1995},
  publisher={Pearson Deutschland GmbH}
}
