@article{kitchenham2007guidelines,
  title={Guidelines for performing systematic literature reviews in software engineering},
  author={Kitchenham, Barbara and Charters, Stuart},
  year={2007},
  publisher={Citeseer}
}
@article{kitchenham2009systematic,
  title={Systematic literature reviews in software engineering--a systematic literature review},
  author={Kitchenham, Barbara and Brereton, O Pearl and Budgen, David and Turner, Mark and Bailey, John and Linkman, Stephen},
  journal={Information and software technology},
  volume={51},
  number={1},
  pages={7--15},
  year={2009},
  publisher={Elsevier}
}
@book{gough2017introduction,
  title={An introduction to systematic reviews},
  author={Gough, David and Oliver, Sandy and Thomas, James},
  year={2017},
  publisher={Sage}
}
