@article{di2019architecting,
  title={Architecting with microservices: A systematic mapping study},
  author={Di Francesco, Paolo and Lago, Patricia and Malavolta, Ivano},
  journal={Journal of Systems and Software},
  volume={150},
  pages={77--97},
  year={2019},
  publisher={Elsevier}
}
@inproceedings{auer2018towards,
  title={Towards defining a microservice migration framework},
  author={Auer, Florian and Felderer, Michael and Lenarduzzi, Valentina},
  booktitle={Proceedings of the 19th International Conference on Agile Software Development: Companion},
  pages={1--2},
  year={2018}
}
