@inproceedings{matias2020determining,
  title={Determining microservice boundaries: a case study using static and dynamic software analysis},
  author={Matias, Tiago and Correia, Filipe F and Fritzsch, Jonas and Bogner, Justus and Ferreira, Hugo S and Restivo, Andr{\'e}},
  booktitle={European Conference on Software Architecture},
  pages={315--332},
  year={2020},
  organization={Springer}
}
@article{bushong2021microservice,
  title={On microservice analysis and architecture evolution: A systematic mapping study},
  author={Bushong, Vincent and Abdelfattah, Amr S and Maruf, Abdullah A and Das, Dipta and Lehman, Austin and Jaroszewski, Eric and Coffey, Michael and Cerny, Tomas and Frajtak, Karel and Tisnovsky, Pavel and others},
  journal={Applied Sciences},
  volume={11},
  number={17},
  pages={7856},
  year={2021},
  publisher={MDPI}
}
@inproceedings{urdangarin2021mon4aware,
  title={Mon4Aware: A multi-objective and context-aware approach to decompose monolithic applications},
  author={Urdangarin, Roger Gon{\c{c}}alves and Farias, Kleinner and Barbosa, Jorge},
  booktitle={XVII Brazilian Symposium on Information Systems},
  pages={1--9},
  year={2021}
}
@article{vera2021microservices,
  title={Microservices Backlog--A Genetic Programming Technique for Identification and Evaluation of Microservices From User Stories},
  author={Vera-Rivera, Fredy H and Puerto, Eduard and Astudillo, Hern{\'a}n and Gaona, Carlos Mauricio},
  journal={IEEE Access},
  volume={9},
  pages={117178--117203},
  year={2021},
  publisher={IEEE}
}
@article{bajaj2021prescriptive,
  title={A Prescriptive Model for Migration to Microservices Based on SDLC Artifacts},
  author={Bajaj, Deepali and Bharti, Urmil and Goel, Anita and Gupta, Suresh Chand},
  journal={Journal of Web Engineering},
  pages={817--852},
  year={2021}
}
@inproceedings{liu2022log2ms,
  title={Log2MS: a framework for automated refactoring monolith into microservices using execution logs},
  author={Liu, Bo and Xiong, Jingliu and Ren, Qiurong and Tyszberowicz, Shmuel and Yang, Zheng},
  booktitle={2022 IEEE International Conference on Web Services (ICWS)},
  pages={391--396},
  year={2022},
  organization={IEEE}
}
@article{santos2022microservices,
  title={Microservices Identification in Monolith Systems: Functionality Redesign Complexity and Evaluation of Similarity Measures},
  author={Santos, Samuel and Silva, Ant{\'o}nio Rito},
  journal={Journal of Web Engineering},
  pages={1543--1582},
  year={2022}
}
@mastersthesis{gu2020meta,
  title={A meta-approach to guide architectural refactoring from monolithic applications to microservices},
  author={Gu, Qiwen},
  type={{B.S.} thesis},
  year={2020}
}
@inproceedings{romani2022towards,
  title={Towards Migrating Legacy Software Systems to Microservice-based Architectures: a Data-Centric Process for Microservice Identification},
  author={Romani, Yamina and Tibermacine, Okba and Tibermacine, Chouki},
  booktitle={2022 IEEE 19th International Conference on Software Architecture Companion (ICSA-C)},
  pages={15--19},
  year={2022},
  organization={IEEE}
}
@article{sellami2022improving,
  title={Improving microservices extraction using evolutionary search},
  author={Sellami, Khaled and Ouni, Ali and Saied, Mohamed Aymen and Bouktif, Salah and Mkaouer, Mohamed Wiem},
  journal={Information and Software Technology},
  volume={151},
  pages={106996},
  year={2022},
  publisher={Elsevier}
}
@article{asseldonk2021monolith,
  title={From a Monolith to Microservices: the Effect of Multi-view Clustering},
  author={Asseldonk, Lars van},
  year={2021}
}
@inproceedings{ma2022migrating,
  title={Migrating Monoliths to Microservices based on the Analysis of Database Access Requests},
  author={Ma, Shang-Pin and Lu, Tsung-Wen and Li, Chung-Chieh},
  booktitle={2022 IEEE International Conference on Service-Oriented System Engineering (SOSE)},
  pages={11--18},
  year={2022},
  organization={IEEE}
}
@article{trabelsi2022legacy,
  title={From legacy to microservices: A type-based approach for microservices identification using machine learning and semantic analysis},
  author={Trabelsi, Imen and Abdellatif, Manel and Abubaker, Abdalgader and Moha, Naouel and Mosser, S{\'e}bastien and Ebrahimi-Kahou, Samira and Gu{\'e}h{\'e}neuc, Yann-Ga{\"e}l},
  journal={Journal of Software: Evolution and Process},
  pages={e2503},
  year={2022},
  publisher={Wiley Online Library}
}
@inproceedings{zhang2020automated,
  title={Automated microservice identification in legacy systems with functional and non-functional metrics},
  author={Zhang, Yukun and Liu, Bo and Dai, Liyun and Chen, Kang and Cao, Xuelian},
  booktitle={2020 IEEE international conference on software architecture (ICSA)},
  pages={135--145},
  year={2020},
  organization={IEEE}
}
@inproceedings{carvalho2020performance,
  title={On the performance and adoption of search-based microservice identification with tomicroservices},
  author={Carvalho, Luiz and Garcia, Alessandro and Colanzi, Thelma Elita and Assun{\c{c}}{\~a}o, Wesley KG and Pereira, Juliana Alves and Fonseca, Baldoino and Ribeiro, M{\'a}rcio and de Lima, Maria Julia and Lucena, Carlos},
  booktitle={2020 IEEE International Conference on Software Maintenance and Evolution (ICSME)},
  pages={569--580},
  year={2020},
  organization={IEEE}
}
@inproceedings{camilli2020domain,
  title={Domain metric driven decomposition of data-intensive applications},
  author={Camilli, Matteo and Colarusso, Carmine and Russo, Barbara and Zimeo, Eugenio},
  booktitle={2020 IEEE International Symposium on Software Reliability Engineering Workshops (ISSREW)},
  pages={189--196},
  year={2020},
  organization={IEEE}
}
@article{assunccao2022analysis,
  title={Analysis of a many-objective optimization approach for identifying microservices from legacy systems},
  author={Assun{\c{c}}{\~a}o, Wesley KG and Colanzi, Thelma Elita and Carvalho, Luiz and Garcia, Alessandro and Pereira, Juliana Alves and de Lima, Maria Julia and Lucena, Carlos},
  journal={Empirical Software Engineering},
  volume={27},
  number={2},
  pages={1--31},
  year={2022},
  publisher={Springer}
}
@mastersthesis{seifermann2021strangle,
  title={How to strangle systematically: an approach and case study for the continuous evolution of monoliths to microservices},
  author={Seifermann, Valentin},
  year={2021}
}
@inproceedings{sooksatra2022monolith,
  title={Monolith to Microservices: VAE-Based GNN Approach with Duplication Consideration},
  author={Sooksatra, Korn and Maharjan, Rokin and Cerny, Tomas},
  booktitle={2022 IEEE International Conference on Service-Oriented System Engineering (SOSE)},
  pages={1--10},
  year={2022},
  organization={IEEE}
}
@article{nitin2022cargo,
  title={CARGO: AI-Guided Dependency Analysis for Migrating Monolithic Applications to Microservices Architecture},
  author={Nitin, Vikram and Asthana, Shubhi and Ray, Baishakhi and Krishna, Rahul},
  journal={arXiv preprint arXiv:2207.11784},
  year={2022}
}
@inproceedings{yang2022microservices,
  title={A Microservices Identification Approach based on Problem Frames},
  author={Yang, Zhumei and Wu, Sijie and Zhang, Cheng},
  booktitle={2022 IEEE 2nd International Conference on Software Engineering and Artificial Intelligence (SEAI)},
  pages={155--159},
  year={2022},
  organization={IEEE}
}
@inproceedings{agarwal2021monolith,
  title={Monolith to Microservice Candidates using Business Functionality Inference},
  author={Agarwal, Shivali and Sinha, Raunak and Sridhara, Giriprasad and Das, Pratap and Desai, Utkarsh and Tamilselvam, Srikanth and Singhee, Amith and Nakamuro, Hiroaki},
  booktitle={2021 IEEE International Conference on Web Services (ICWS)},
  pages={758--763},
  year={2021},
  organization={IEEE}
}
@inproceedings{nunes2019monolith,
  title={From a monolith to a microservices architecture: An approach based on transactional contexts},
  author={Nunes, Lu{\'\i}s and Santos, Nuno and Rito Silva, Ant{\'o}nio},
  booktitle={European Conference on Software Architecture},
  pages={37--52},
  year={2019},
  organization={Springer}
}
@inproceedings{selmadji2020monolithic,
  title={From monolithic architecture style to microservice one based on a semi-automatic approach},
  author={Selmadji, Anfel and Seriai, Abdelhak-Djamel and Bouziane, Hinde Lilia and Mahamane, Rahina Oumarou and Zaragoza, Pascal and Dony, Christophe},
  booktitle={2020 IEEE International Conference on Software Architecture (ICSA)},
  pages={157--168},
  year={2020},
  organization={IEEE}
}
@inproceedings{mishra2018cracking,
  title={Cracking the monolith: Challenges in data transitioning to cloud native architectures},
  author={Mishra, Mayank and Kunde, Shruti and Nambiar, Manoj},
  booktitle={Proceedings of the 12th European Conference on Software Architecture: Companion Proceedings},
  pages={1--4},
  year={2018}
}
@article{christoforou2019migration,
  title={Migration of software components to microservices: Matching and synthesis},
  author={Christoforou, Andreas and Odysseos, Lambros and Andreou, Andreas S},
  year={2019}
}
@inproceedings{al2020extracting,
  title={Extracting microservicesâ€™ candidates from monolithic applications: interface analysis and evaluation metrics approach},
  author={Al-Debagy, Omar and Martinek, P{\'e}ter},
  booktitle={2020 IEEE 15th International Conference of System of Systems Engineering (SoSE)},
  pages={289--294},
  year={2020},
  organization={IEEE}
}
@inproceedings{li2020microservice,
  title={Microservice migration using strangler fig pattern: A case study on the green button system},
  author={Li, Chia-Yu and Ma, Shang-Pin and Lu, Tsung-Wen},
  booktitle={2020 International Computer Symposium (ICS)},
  pages={519--524},
  year={2020},
  organization={IEEE}
}
@article{daoud2021multi,
  title={A multi-model based microservices identification approach},
  author={Daoud, Mohamed and El Mezouari, Asmae and Faci, Noura and Benslimane, Djamal and Maamar, Zakaria and El Fazziki, Aziz},
  journal={Journal of Systems Architecture},
  volume={118},
  pages={102200},
  year={2021},
  publisher={Elsevier}
}
@inproceedings{zhao2021applying,
  title={Applying Microservice Refactoring to Object-2riented Legacy System},
  author={Zhao, Junfeng and Zhao, Ke},
  booktitle={2021 8th International Conference on Dependable Systems and Their Applications (DSA)},
  pages={467--473},
  year={2021},
  organization={IEEE}
}
@phdthesis{lenga2019modernization,
  title={Modernization of Monolithic Legacy Applications towards a Microservice Architecture with ExplorViz},
  author={Lenga, Stephan},
  year={2019},
  school={Kiel University}
}
@article{al2021dependencies,
  title={Dependencies-based microservices decomposition method},
  author={Al-Debagy, Omar and Martinek, P{\'e}ter},
  journal={International Journal of Computers and Applications},
  pages={1--8},
  year={2021},
  publisher={Taylor \& Francis}
}
@article{al2021microservices,
  title={Microservices identification methods and quality metrics},
  author={Al-Debagy, Omar},
  year={2021}
}
@article{li2022novel,
  title={A Novel Method for Identifying Microservices by Considering Quality Expectations and Deployment Constraints},
  author={Li, Jianan and Xu, Hanchuan and Xu, Xiaofei and Wang, Zhongjie},
  journal={International Journal of Software Engineering and Knowledge Engineering},
  volume={32},
  number={03},
  pages={417--437},
  year={2022},
  publisher={World Scientific}
}
@inproceedings{zaragoza2022materializing,
  title={Materializing Microservice-oriented Architecture from Monolithic Object-oriented Source Code},
  author={Zaragoza, Pascal and Seriai, Abdelhak-Djamel and Seriai, Abderrahmane and Shatnawi, Anas and Bouziane, Hinde-Lilia and Derras, Mustapha},
  booktitle={International Conference on Software Technologies},
  pages={143--168},
  year={2022},
  organization={Springer}
}
@inproceedings{staffa2021pangaea,
  title={Pangaea: Semi-automated Monolith Decomposition into Microservices},
  author={Staffa, Simone and Quattrocchi, Giovanni and Margara, Alessandro and Cugola, Gianpaolo},
  booktitle={International Conference on Service-Oriented Computing},
  pages={830--838},
  year={2021},
  organization={Springer}
}
@article{da2019refactoring,
  title={Refactoring Monoliths to Microservices},
  author={da Costa Pinto, Jo{\~a}o Paiva},
  year={2019}
}
@phdthesis{benkler2019approach,
  title={An Approach for Identifying Microservices using Clustering on Control Flow and Data Flow},
  author={Benkler, Niko},
  year={2019},
  school={Informatics Institute}
}
@article{dehghani2022facilitating,
  title={Facilitating the migration to the microservice architecture via model-driven reverse engineering and reinforcement learning},
  author={Dehghani, MohammadHadi and Kolahdouz-Rahimi, Shekoufeh and Tisi, Massimo and Tamzalit, Dalila},
  journal={Software and Systems Modeling},
  volume={21},
  number={3},
  pages={1115--1133},
  year={2022},
  publisher={Springer}
}
@article{li2022microservice,
  title={Microservice extraction based on knowledge graph from monolithic applications},
  author={Li, Zhiding and Shang, Chenqi and Wu, Jianjie and Li, Yuan},
  journal={Information and Software Technology},
  volume={150},
  pages={106992},
  year={2022},
  publisher={Elsevier}
}
@inproceedings{nakazawa2018visualization,
  title={Visualization tool for designing microservices with the monolith-first approach},
  author={Nakazawa, Rina and Ueda, Takanori and Enoki, Miki and Horii, Hiroshi},
  booktitle={2018 IEEE Working Conference on Software Visualization (VISSOFT)},
  pages={32--42},
  year={2018},
  organization={IEEE}
}
@inproceedings{eyitemi2020system,
  title={System decomposition to optimize functionality distribution in microservices with rule based approach},
  author={Eyitemi, Fola-Dami and Reiff-Marganiec, Stephan},
  booktitle={2020 IEEE International Conference on Service Oriented Systems Engineering (SOSE)},
  pages={65--71},
  year={2020},
  organization={IEEE}
}
@inproceedings{amiri2018object,
  title={Object-aware identification of microservices},
  author={Amiri, Mohammad Javad},
  booktitle={2018 IEEE International Conference on Services Computing (SCC)},
  pages={253--256},
  year={2018},
  organization={IEEE}
}
@article{park2020approach,
  title={An approach for reconstructing applications to develop container-based microservices},
  author={Park, Joonseok and Kim, Daeho and Yeom, Keunhyuk},
  journal={Mobile Information Systems},
  volume={2020},
  year={2020},
  publisher={Hindawi}
}
@inproceedings{lohnertz2020steinmetz,
  title={Steinmetz: Toward Automatic Decomposition of Monolithic Software Into Microservices.},
  author={L{\"o}hnertz, Jakob and Oprescu, Ana-Maria},
  booktitle={SATToSE},
  year={2020}
}
@inproceedings{de2019monolithic,
  title={From monolithic architecture to microservices architecture},
  author={De Lauretis, Lorenzo},
  booktitle={2019 IEEE International Symposium on Software Reliability Engineering Workshops (ISSREW)},
  pages={93--96},
  year={2019},
  organization={IEEE}
}
