@article{kitchenham2007guidelines,
  title={Guidelines for performing systematic literature reviews in software engineering},
  author={Kitchenham, Barbara and Charters, Stuart},
  year={2007},
  publisher={Citeseer}
}
@article{kitchenham2009systematic,
  title={Systematic literature reviews in software engineering--a systematic literature review},
  author={Kitchenham, Barbara and Brereton, O Pearl and Budgen, David and Turner, Mark and Bailey, John and Linkman, Stephen},
  journal={Information and software technology},
  volume={51},
  number={1},
  pages={7--15},
  year={2009},
  publisher={Elsevier}
}
@book{gough2017introduction,
  title={An introduction to systematic reviews},
  author={Gough, David and Oliver, Sandy and Thomas, James},
  year={2017},
  publisher={Sage}
}
@book{newman2021building,
  title={Building microservices},
  author={Newman, Sam},
  year={2021},
  publisher={" O'Reilly Media, Inc."}
}
@book{newman2019monolith,
  title={Monolith to microservices: evolutionary patterns to transform your monolith},
  author={Newman, Sam},
  year={2019},
  publisher={O'Reilly Media}
}
@inproceedings{chen2018microservices,
  title={Microservices: architecting for continuous delivery and DevOps},
  author={Chen, Lianping},
  booktitle={2018 IEEE International conference on software architecture (ICSA)},
  pages={39--397},
  year={2018},
  organization={IEEE}
}
@book{nadareishvili2016microservice,
  title={Microservice architecture: aligning principles, practices, and culture},
  author={Nadareishvili, Irakli and Mitra, Ronnie and McLarty, Matt and Amundsen, Mike},
  year={2016},
  publisher={" O'Reilly Media, Inc."}
}
@book{becker1999refactoring,
  title={Refactoring: improving the design of existing code},
  author={Becker, Paul and Fowler, Martin and Beck, Kent and Brant, John and Opdyke, William and Roberts, Don},
  year={1999},
  publisher={Addison-Wesley Professional}
}
@article{pautasso2017microservices,
  title={Microservices in practice, part 2: Service integration and sustainability},
  author={Pautasso, Cesare and Zimmermann, Olaf and Amundsen, Mike and Lewis, James and Josuttis, Nicolai},
  journal={IEEE Software},
  volume={34},
  number={02},
  pages={97--104},
  year={2017},
  publisher={IEEE Computer Society}
}
@inproceedings{ren2018migrating,
  title={Migrating web applications from monolithic structure to microservices architecture},
  author={Ren, Zhongshan and Wang, Wei and Wu, Guoquan and Gao, Chushu and Chen, Wei and Wei, Jun and Huang, Tao},
  booktitle={Proceedings of the tenth asia-pacific symposium on internetware},
  pages={1--10},
  year={2018}
}
@inproceedings{kazanavivcius2019migrating,
  title={Migrating legacy software to microservices architecture},
  author={Kazanavi{\v{c}}ius, Justas and Ma{\v{z}}eika, Dalius},
  booktitle={2019 Open Conference of Electrical, Electronic and Information Sciences (eStream)},
  pages={1--5},
  year={2019},
  organization={IEEE}
}
@article{taibi2017processes,
  title={Processes, motivations, and issues for migrating to microservices architectures: An empirical investigation},
  author={Taibi, Davide and Lenarduzzi, Valentina and Pahl, Claus},
  journal={IEEE Cloud Computing},
  volume={4},
  number={5},
  pages={22--32},
  year={2017},
  publisher={IEEE}
}
@inproceedings{ponce2019migrating,
  title={Migrating from monolithic architecture to microservices: A Rapid Review},
  author={Ponce, Francisco and M{\'a}rquez, Gast{\'o}n and Astudillo, Hern{\'a}n},
  booktitle={2019 38th International Conference of the Chilean Computer Science Society (SCCC)},
  pages={1--7},
  year={2019},
  organization={IEEE}
}
@article{frey2007clustering,
  title={Clustering by passing messages between data points},
  author={Frey, Brendan J and Dueck, Delbert},
  journal={science},
  volume={315},
  number={5814},
  pages={972--976},
  year={2007},
  publisher={American Association for the Advancement of Science}
}
@article{rousseeuw1987silhouettes,
  title={Silhouettes: a graphical aid to the interpretation and validation of cluster analysis},
  author={Rousseeuw, Peter J},
  journal={Journal of computational and applied mathematics},
  volume={20},
  pages={53--65},
  year={1987},
  publisher={Elsevier}
}
@book{gamma1995design,
  title={Design patterns: elements of reusable object-oriented software},
  author={Gamma, Erich and Johnson, Ralph and Helm, Richard and Johnson, Ralph E and Vlissides, John},
  year={1995},
  publisher={Pearson Deutschland GmbH}
}
@inproceedings{al2018comparative,
  title={A comparative review of microservices and monolithic architectures},
  author={Al-Debagy, Omar and Martinek, Peter},
  booktitle={2018 IEEE 18th International Symposium on Computational Intelligence and Informatics (CINTI)},
  pages={000149--000154},
  year={2018},
  organization={IEEE}
}
@inproceedings{gos2020comparison,
  title={The comparison of microservice and monolithic architecture},
  author={Gos, Konrad and Zabierowski, Wojciech},
  booktitle={2020 IEEE XVIth International Conference on the Perspective Technologies and Methods in MEMS Design (MEMSTECH)},
  pages={150--153},
  year={2020},
  organization={IEEE}
}
@book{brennan2009guide,
  title={A Guide to the Business Analysis Body of Knowledger},
  author={Brennan, Kevin and others},
  year={2009},
  publisher={Iiba}
}
@book{wiegers2013software,
  title={Software requirements},
  author={Wiegers, Karl and Beatty, Joy},
  year={2013},
  publisher={Pearson Education}
}
@inproceedings{cerny2022microservice,
  title={Microservice architecture reconstruction and visualization techniques: A review},
  author={Cerny, Tomas and Abdelfattah, Amr S and Bushong, Vincent and Al Maruf, Abdullah and Taibi, Davide},
  booktitle={2022 IEEE International Conference on Service-Oriented System Engineering (SOSE)},
  pages={39--48},
  year={2022},
  organization={IEEE}
}
@article{moody2009physics,
  title={The “physics” of notations: toward a scientific basis for constructing visual notations in software engineering},
  author={Moody, Daniel},
  journal={IEEE Transactions on software engineering},
  volume={35},
  number={6},
  pages={756--779},
  year={2009},
  publisher={IEEE}
}
@article{brooke1996sus,
  title={SUS-A quick and dirty usability scale},
  author={Brooke, John and others},
  journal={Usability evaluation in industry},
  volume={189},
  number={194},
  pages={4--7},
  year={1996},
  publisher={London, England}
}
@inproceedings{hart2006nasa,
  title={NASA-task load index (NASA-TLX); 20 years later},
  author={Hart, Sandra G},
  booktitle={Proceedings of the human factors and ergonomics society annual meeting},
  volume={50},
  number={9},
  pages={904--908},
  year={2006},
  organization={Sage publications Sage CA: Los Angeles, CA}
}
@incollection{hart1988development,
  title={Development of NASA-TLX (Task Load Index): Results of empirical and theoretical research},
  author={Hart, Sandra G and Staveland, Lowell E},
  booktitle={Advances in psychology},
  volume={52},
  pages={139--183},
  year={1988},
  publisher={Elsevier}
}
@inproceedings{balalaie2016migrating,
  title={Migrating to cloud-native architectures using microservices: an experience report},
  author={Balalaie, Armin and Heydarnoori, Abbas and Jamshidi, Pooyan},
  booktitle={Advances in Service-Oriented and Cloud Computing: Workshops of ESOCC 2015, Taormina, Italy, September 15-17, 2015, Revised Selected Papers 4},
  pages={201--215},
  year={2016},
  organization={Springer}
}
@book{wohlin2012experimentation,
  title={Experimentation in software engineering},
  author={Wohlin, Claes and Runeson, Per and H{\"o}st, Martin and Ohlsson, Magnus C and Regnell, Bj{\"o}rn and Wessl{\'e}n, Anders},
  year={2012},
  publisher={Springer Science \& Business Media}
}
@inproceedings{kamimura2018extracting,
  title={Extracting candidates of microservices from monolithic application code},
  author={Kamimura, Manabu and Yano, Keisuke and Hatano, Tomomi and Matsuo, Akihiko},
  booktitle={2018 25th Asia-Pacific Software Engineering Conference (APSEC)},
  pages={571--580},
  year={2018},
  organization={IEEE}
}
